% Encoding: UTF-8

@Article{Kowarik2016,
  author    = {Alexander Kowarik and Matthias Templ},
  journal   = {Journal of Statistical Software},
  title     = {Imputation with the R Package {VIM}},
  year      = {2016},
  number    = {7},
  volume    = {74},
  doi       = {10.18637/jss.v074.i07},
  publisher = {Foundation for Open Access Statistic},
}

@Comment{jabref-meta: databaseType:bibtex;}
